% TODO: v tomto subore uvedte BibTex zaznamy pre pouzite zdroje

@article{smith1981identification,
  title={Identification of common molecular subsequences},
  author={Smith, Temple F and Waterman, Michael S},
  journal={Journal of molecular biology},
  volume={147},
  number={1},
  pages={195--197},
  year={1981},
  publisher={Elsevier}
}

@incollection{myers2014efficient,
  title={Efficient Local Alignment Discovery amongst Noisy Long Reads},
  author={Myers, Gene},
  booktitle={Algorithms in Bioinformatics},
  pages={52--67},
  year={2014},
  publisher={Springer}
}

@article{berlin2015assembling,
  title={Assembling large genomes with single-molecule sequencing and locality-sensitive hashing},
  author={Berlin, Konstantin and Koren, Sergey and Chin, Chen-Shan and Drake, James P and Landolin, Jane M and Phillippy, Adam M},
  journal={Nature biotechnology},
  year={2015},
  publisher={Nature Publishing Group}
}
@article{salmela2014lordec,
  title={LoRDEC: accurate and efficient long read error correction},
  author={Salmela, Leena and Rivals, Eric},
  journal={Bioinformatics},
  pages={btu538},
  year={2014},
  publisher={Oxford Univ Press}
}

@article{manber1993suffix,
  author =        {Manber, Udi and Myers, Gene},
  journal =       {Siam Journal on Computing},
  number =        {5},
  pages =         {935--948},
  publisher =     {SIAM},
  title =         {Suffix arrays: a new method for on-line string
                   searches},
  volume =        {22},
  year =          {1993},
}

@article{fmindex,
  author =        {Li, Heng and Durbin, Richard},
  journal =       {Bioinformatics},
  number =        {14},
  pages =         {1754--1760},
  publisher =     {Oxford Univ Press},
  title =         {Fast and accurate short read alignment with
                   Burrows--Wheeler transform},
  volume =        {25},
  year =          {2009},
}

@inproceedings{fmindex2,
  author =        {Ferragina, Paolo and Manzini, Giovanni},
  booktitle =     {Foundations of Computer Science, 2000. Proceedings.
                   41st Annual Symposium on},
  organization =  {IEEE},
  pages =         {390--398},
  title =         {Opportunistic data structures with applications},
  year =          {2000},
}

@article{Rhoads2015278,
  title = {PacBio Sequencing and Its Applications },
  journal = {Genomics, Proteomics \& Bioinformatics },
  volume = {13},
  number = {5},
  pages = {278 - 289},
  year = {2015},
  note = {SI: Metagenomics of Marine Environments },
  issn = {1672-0229},
  doi = {https://doi.org/10.1016/j.gpb.2015.08.002},
  url = {http://www.sciencedirect.com/science/article/pii/S1672022915001345},
  author = {Anthony Rhoads and Kin Fai Au},
  keywords = {Third-generation sequencing},
  keywords = {De novo assembly},
  keywords = {Gene isoform detection},
  keywords = {Methylation},
  keywords = {Hybrid sequencing }
}

@article{de1946combinatorial,
  author =        {de Bruijn, Nicolaas Govert and Erdos, Paul},
  journal =       {Koninklijke Nederlandse Akademie v. Wetenschappen},
  number =        {49},
  pages =         {758--764},                                                                            
  title =         {A combinatorial problem},                                                             
  volume =        {49},                                                                                  
  year =          {1946},                                                                                
}

@article{pevzner2001eulerian,
  author =        {Pevzner, Pavel A and Tang, Haixu and
                   Waterman, Michael S},                                                                 
  journal =       {Proceedings of the National Academy of Sciences},
  number =        {17},
  pages =         {9748--9753},
  publisher =     {National Acad Sciences},
  title =         {An Eulerian path approach to DNA fragment assembly},
  volume =        {98},
  year =          {2001},
}

@article{salmela2016accurate,
  title={Accurate self-correction of errors in long reads using de Bruijn graphs},
  author={Salmela, Leena and Walve, Riku and Rivals, Eric and Ukkonen, Esko},
  journal={Bioinformatics},
  pages={btw321},
  year={2016},
  publisher={Oxford Univ Press}
}

@article {Koren071282,
	author = {Koren, Sergey and Walenz, Brian P. and Berlin, Konstantin and Miller, Jason R. and Bergman, Nicholas H. and Phillippy, Adam M.},
	title = {Canu: scalable and accurate long-read assembly via adaptive k-mer weighting and repeat separation},
	year = {2017},
	doi = {10.1101/071282},
	publisher = {Cold Spring Harbor Labs Journals},
	URL = {http://www.biorxiv.org/content/early/2017/01/04/071282},
	eprint = {http://www.biorxiv.org/content/early/2017/01/04/071282.full.pdf},
	journal = {bioRxiv}
}